<?xml version='1.0' encoding='UTF-8'?>
<record xmlns="http://www.loc.gov/MARC21/slim">
  <leader>01290cam a2200265 a 4500</leader>
  <controlfield tag="001">412206</controlfield>
  <controlfield tag="003">NjP</controlfield>
  <controlfield tag="005">20170605130958.0</controlfield>
  <controlfield tag="008">871119s1983    ir            00010 ara d</controlfield>
  <datafield tag="024" ind1="7" ind2=" ">
    <subfield code="a">princeton_aco001647</subfield>
    <subfield code="2">local</subfield>
  </datafield>
  <datafield ind1=" " ind2=" " tag="035">
    <subfield code="a">(OCoLC)79024592</subfield>
  </datafield>
  <datafield ind1=" " ind2=" " tag="035">
    <subfield code="a">(CStRLIN)NJPG87-B58376</subfield>
  </datafield>
  <datafield ind1=" " ind2=" " tag="035">
    <subfield code="9">ABY7732TS</subfield>
  </datafield>
  <datafield ind1=" " ind2=" " tag="040">
    <subfield code="a">NjP</subfield>
    <subfield code="c">NjP</subfield>
  </datafield>
  <datafield ind1="2" ind2=" " tag="100">
    <subfield code="a">Rafīʻān Nīshābūrī, Ḥabīb Allāh.</subfield>
  </datafield>
  <datafield ind1="1" ind2="0" tag="245">
    <subfield code="a">Tawḍīḥāt wa-taʻlīqāt ʻalá kitāb Maʻālim al-dīn /</subfield>
    <subfield code="c">muʼallif Ḥabīb Allāh Rafīʻān al-Nīshābūrī.</subfield>
  </datafield>
  <datafield ind1=" " ind2=" " tag="250">
    <subfield code="a">al-Ṭabʻah 1.</subfield>
  </datafield>
  <datafield ind1=" " ind2=" " tag="260">
    <subfield code="a">Khvānsār :</subfield>
    <subfield code="b">Kitābfurūshī-i Nūr ;</subfield>
    <subfield code="a">Qum :</subfield>
    <subfield code="b">Mufīd,</subfield>
    <subfield code="c">1404 [1983 or 1984]</subfield>
  </datafield>
  <datafield ind1=" " ind2=" " tag="300">
    <subfield code="a">246 p. ;</subfield>
    <subfield code="c">25 cm.</subfield>
  </datafield>
  <datafield ind1=" " ind2=" " tag="500">
    <subfield code="a">Cover title: Tawḍīḥāt wa-taʻlīqāt ʻalá kitāb Maʻālim al-uṣūl.</subfield>
  </datafield>
  <datafield ind1="1" ind2="0" tag="600">
    <subfield code="a">Ibn al-Shahīd al-Thānī, al-Ḥasan,</subfield>
    <subfield code="d">1551 or 1552-1602 or 1603.</subfield>
    <subfield code="t">Maʻālim al-dīn wa-maladhdh al-mujtahidīn.</subfield>
  </datafield>
  <datafield ind1=" " ind2="0" tag="650">
    <subfield code="a">Islamic law</subfield>
    <subfield code="x">Interpretation and construction.</subfield>
    <subfield code="0">http://id.loc.gov/authorities/subjects/sh85068455</subfield>
  </datafield>
  <datafield ind1="0" ind2=" " tag="740">
    <subfield code="a">Tawḍīḥāt wa-taʻlīqāt ʻalá kitāb Maʻālim al-uṣūl.</subfield>
  </datafield>
  <datafield ind1=" " ind2=" " tag="998">
    <subfield code="a">11/09/90</subfield>
    <subfield code="s">9118</subfield>
    <subfield code="n">NjP</subfield>
    <subfield code="w">NJPG87B58376</subfield>
    <subfield code="d">11/19/87</subfield>
    <subfield code="c">JAB</subfield>
    <subfield code="b">CS</subfield>
    <subfield code="l">NJPG</subfield>
  </datafield>
  <datafield ind1=" " ind2=" " tag="911">
    <subfield code="a">19921028</subfield>
  </datafield>
  <datafield ind1=" " ind2=" " tag="912">
    <subfield code="a">19970505034217.0</subfield>
  </datafield>
  <datafield ind1="0" ind2="0" tag="852">
    <subfield code="0">448993</subfield>
    <subfield code="b">nec</subfield>
    <subfield code="t">1</subfield>
    <subfield code="h">KBP370.I267</subfield>
    <subfield code="i">A337 1983</subfield>
  </datafield>
  <datafield ind1=" " ind2=" " tag="959">
    <subfield code="a">2000-06-13 00:00:00 -0500</subfield>
  </datafield>
</record>
